@article{ocean_energy,
author = { 高虎 and  李海 },
title = {加快海洋能源开发 助力海洋强国和能源强国建设},
journal = {科技中国},
volume = {},
number = {10},
pages = {14-18},
year = {2024},
issn = {1673-5129},
}

@article{auv,
  title={基于改进 PPO 算法的 AUV 控制器设计},
  author={徐德胜 and 徐春晖 and others},
  journal={中国舰船研究},
  volume={20},
  number={1},
  pages={350--359},
  year={2025},
  publisher={中国舰船研究 编辑部}
}

@article{rov,
author = { 梁一飞 and  李永龙 and  王皓冉 and  王儒敬 and  刘知贵 },
title = {基于降阶扩张状态观测器的水下机器人自抗扰运动控制},
journal = {传感器与微系统},
volume = {43},
number = {08},
pages = {141-144,149},
year = {2024},
issn = {2096-2436},
doi = {10.13873/J.1000-9787(2024)08-0141-04}
}

@ARTICLE{Xia2022,
  author={Xia, Haisheng and Khan, Muhammad Alamgeer and Li, Zhijun and Zhou, MengChu},
  journal={IEEE/CAA Journal of Automatica Sinica}, 
  title={Wearable Robots for Human Underwater Movement Ability Enhancement: A Survey}, 
  year={2022},
  volume={9},
  number={6},
  pages={967-977},
}

@INPROCEEDINGS{Xia2023,
  author={Xia, Haisheng and Zhang, Boyong and Feng, Ying},
  booktitle={2023 International Conference on Advanced Robotics and Mechatronics (ICARM)}, 
  title={A Conceptual Underwater Soft Exoskeleton for Augmenting Human Breaststroke}, 
  year={2023},
  volume={},
  number={},
  pages={906-911},
}

@inproceedings{uw_img_math1,
  title={Clear underwater vision},
  author={Schechner, Yoav Y and Karpel, Nir},
  booktitle={Proceedings of the 2004 IEEE Computer Society Conference on Computer Vision and Pattern Recognition (CVPR)},
  volume={1},
  pages={I--I},
  year={2004},
  organization={IEEE}
}

@article{uw_img_math2,
  title={True color correction of autonomous underwater vehicle imagery},
  author={Bryson, Mitch and Johnson-Roberson, Matthew and Pizarro, Oscar and Williams, Stefan B},
  journal={Journal of Field Robotics},
  volume={33},
  number={6},
  pages={853--874},
  year={2016},
  publisher={Wiley Online Library}
}

@article{ifm,
  title={Vision and the atmosphere},
  author={Narasimhan, Srinivasa G and Nayar, Shree K},
  journal={International journal of computer vision},
  volume={48},
  pages={233--254},
  year={2002},
  publisher={Springer}
}

@inproceedings{modified_uw_img_math,
  title={A revised underwater image formation model},
  author={Akkaynak, Derya and Treibitz, Tali},
  booktitle={Proceedings of the IEEE conference on computer vision and pattern recognition (CVPR)},
  pages={6723--6732},
  year={2018}
}

@ARTICLE{U2PNet,
author={Shen, Linghao and Xia, Haisheng and Zhang, Xun and Zhao, Yongqiang and Li, Ning and Kong, Seong G. and Wang, Binglu and Li, Zhijun},
  journal={IEEE Transactions on Cybernetics}, 
  title={U²PNet: An Unsupervised Underwater Image-Restoration Network Using Polarization}, 
  year={2024},
  volume={54},
  number={9},
  pages={5164-5177},
  keywords={Image restoration;Imaging;Scattering;Image color analysis;Learning systems;Degradation;Polarization;Light scattering;polarization;underwater image restoration;unsupervised network;untrained network},
  doi={10.1109/TCYB.2024.3365693}}

@article{fusion,
    title = {Multi-source information fusion: Progress and future},
    journal = {Chinese Journal of Aeronautics},
    volume = {37},
    number = {7},
    pages = {24-58},
    year = {2024},
    issn = {1000-9361},
    doi = {https://doi.org/10.1016/j.cja.2023.12.009},
    url = {https://www.sciencedirect.com/science/article/pii/S1000936123004247},
    author = {Xinde LI and Fir DUNKIN and Jean DEZERT},
    keywords = {Multi-sensor system, Information fusion, Artificial intelligence, Pattern recognition, Human–machine integration}
}

@article{depth_img,
  title={Underwater image restoration via depth map and illumination estimation based on a single image},
  author={Zhou, Jingchun and Yang, Tongyu and Ren, Wenqi and Zhang, Dan and Zhang, Weishi},
  journal={Optics Express},
  volume={29},
  number={19},
  pages={29864--29886},
  year={2021},
  publisher={Optica Publishing Group}
}

@article{multi_frame,
  title={Underwater image restoration method based on multi-frame image under artificial light source},
  author={Zhang, Tianchi and Gao, Yong and Wang, Zhiyong and Zhang, Mingjun},
  journal={Journal of Marine Science and Engineering},
  volume={11},
  number={6},
  pages={1213},
  year={2023},
  publisher={MDPI}
}

@article{he,
  title={Image enhancement by histogram transformation},
  author={Hummel, Robert},
  journal={Comput. Graph. Image Process},
  volume={6},
  number={2},
  pages={184--195},
  year={1977}
}

@inbook{clahe,
    title={Contrast limited adaptive histogram equalization},
    url={http://dx.doi.org/10.1016/b978-0-12-336156-1.50061-6},    
    booktitle={Graphics Gems},  
    author={Zuiderveld, Karel},
    year={1994}, 
    month={Jan}, 
    pages={474–485},  
    language={en-US}  
}

@ARTICLE{gum,
  author={Deng, Guang},
  journal={IEEE Transactions on Image Processing}, 
  title={A Generalized Unsharp Masking Algorithm}, 
  year={2011},
  volume={20},
  number={5},
  pages={1249-1261},
  doi={10.1109/TIP.2010.2092441}}

@inproceedings{mixture_clahe,
  title={Mixture contrast limited adaptive histogram equalization for underwater image enhancement},
  author={Hitam, Muhammad Suzuri and Awalludin, Ezmahamrul Afreen and Yussof, Wan Nural Jawahir Hj Wan and Bachok, Zainuddin},
  booktitle={2013 International conference on computer applications technology (ICCAT)},
  pages={1--5},
  year={2013},
  organization={IEEE}
}

@inproceedings{uw_retinex,
  title={A retinex-based enhancing approach for single underwater image},
  author={Fu, Xueyang and Zhuang, Peixian and Huang, Yue and Liao, Yinghao and Zhang, Xiao-Ping and Ding, Xinghao},
  booktitle={2014 IEEE international conference on image processing (ICIP)},
  pages={4572--4576},
  year={2014},
  organization={IEEE}
}

@article{dcp,
  title={Single image haze removal using dark channel prior},
  author={He, Kaiming and Sun, Jian and Tang, Xiaoou},
  journal={IEEE transactions on pattern analysis and machine intelligence},
  volume={33},
  number={12},
  pages={2341--2353},
  year={2010},
  publisher={IEEE}
}

@inproceedings{udcp,
  title={Transmission estimation in underwater single images},
  author={Drews, Paul and Nascimento, Erickson and Moraes, Filipe and Botelho, Silvia and Campos, Mario},
  booktitle={Proceedings of the IEEE international conference on computer vision workshops (ICCV)},
  pages={825--830},
  year={2013}
}

@article{uwcnn,
  title={Underwater scene prior inspired deep underwater image and video enhancement},
  author={Li, Chongyi and Anwar, Saeed and Porikli, Fatih},
  journal={Pattern Recognition},
  volume={98},
  pages={107038},
  year={2020},
  publisher={Elsevier}
}

@ARTICLE{cyberCSRnet,
  author={Zhou, Yuan and Du, Xiaoting and Wang, Mingfei and Huo, Shuwei and Zhang, Yeda and Kung, Sun-Yuan},
  journal={IEEE Transactions on Cybernetics}, 
  title={Cross-Scale Residual Network: A General Framework for Image Super-Resolution, Denoising, and Deblocking}, 
  year={2022},
  volume={52},
  number={7},
  pages={5855-5867},
  doi={10.1109/TCYB.2020.3044374}
}

@ARTICLE{QCNN_H,
  author={Frants, Vladimir and Agaian, Sos and Panetta, Karen},
  journal={IEEE Transactions on Cybernetics}, 
  title={QCNN-H: Single-Image Dehazing Using Quaternion Neural Networks}, 
  year={2023},
  volume={53},
  number={9},
  pages={5448-5458},
  keywords={Quaternions;Image color analysis;Neural networks;Convolutional neural networks;Task analysis;Convolution;Distortion;Deep learning;dehazing;image processing;quaternion convolutional neural network (CNN)},
  doi={10.1109/TCYB.2023.3238640}}

@ARTICLE{Exposure_restoration,
  author={Panetta, Karen and K. M., Shreyas Kamath and Rao, Shishir Paramathma and Agaian, Sos S.},
  journal={IEEE Transactions on Cybernetics}, 
  title={Deep Perceptual Image Enhancement Network for Exposure Restoration}, 
  year={2023},
  volume={53},
  number={7},
  pages={4718-4731},
  keywords={Image enhancement;Lighting;Image color analysis;Feature extraction;Task analysis;Image restoration;Image reconstruction;Channel attention network;deep convolutional neural networks;dilated residual network;human vision system;image enhancement;logarithmic exposure transformation (LXT);multiscale human color vision (MHCV) loss},
  doi={10.1109/TCYB.2021.3140202}}

@ARTICLE{InpaintingMissingArea,
  author={Ma, Yuqing and Liu, Xianglong and Bai, Shihao and Wang, Lei and Liu, Aishan and Tao, Dacheng and Hancock, Edwin R.},
  journal={IEEE Transactions on Cybernetics}, 
  title={Regionwise Generative Adversarial Image Inpainting for Large Missing Areas}, 
  year={2023},
  volume={53},
  number={8},
  pages={5226-5239},
  keywords={Generators;Semantics;Task analysis;Feature extraction;Correlation;Computer architecture;Image restoration;Contiguous missing regions;correlation loss;discontiguous missing regions;generic adversarial inpainting framework;regionwise convolutions},
  doi={10.1109/TCYB.2022.3194149}}

@article{gan,
  title={Generative adversarial nets},
  author={Goodfellow, Ian and Pouget-Abadie, Jean and Mirza, Mehdi and Xu, Bing and Warde-Farley, David and Ozair, Sherjil and Courville, Aaron and Bengio, Yoshua},
  journal={Advances in neural information processing systems},
  volume={27},
  year={2014}
}

@article{water_gan,
  title={WaterGAN: Unsupervised generative network to enable real-time color correction of monocular underwater images},
  author={Li, Jie and Skinner, Katherine A and Eustice, Ryan M and Johnson-Roberson, Matthew},
  journal={IEEE Robotics and Automation letters},
  volume={3},
  number={1},
  pages={387--394},
  year={2017},
  publisher={IEEE}
}

@inproceedings{ugan,
  title={Enhancing underwater imagery using generative adversarial networks},
  author={Fabbri, Cameron and Islam, Md Jahidul and Sattar, Junaed},
  booktitle={2018 IEEE international conference on robotics and automation (ICRA)},
  pages={7159--7165},
  year={2018},
  organization={IEEE}
}

@article{gan-rs,
  title={Towards real-time advancement of underwater visual quality with GAN},
  author={Chen, Xingyu and Yu, Junzhi and Kong, Shihan and Wu, Zhengxing and Fang, Xi and Wen, Li},
  journal={IEEE Transactions on Industrial Electronics},
  volume={66},
  number={12},
  pages={9350--9359},
  year={2019},
  publisher={IEEE}
}

@article{funie_gan,
  title={Fast underwater image enhancement for improved visual perception},
  author={Islam, Md Jahidul and Xia, Youya and Sattar, Junaed},
  journal={IEEE Robotics and Automation Letters},
  volume={5},
  number={2},
  pages={3227--3234},
  year={2020},
  publisher={IEEE}
}

@inproceedings{cycle_gan,
  title={Unpaired image-to-image translation using cycle-consistent adversarial networks},
  author={Zhu, Jun-Yan and Park, Taesung and Isola, Phillip and Efros, Alexei A},
  booktitle={Proceedings of the IEEE international conference on computer vision (ICCV)},
  pages={2223--2232},
  year={2017}
}

@ARTICLE{dehaze_gan,
  author={Zhu, Hongyuan and Cheng, Yi and Peng, Xi and Zhou, Joey Tianyi and Kang, Zhao and Lu, Shijian and Fang, Zhiwen and Li, Liyuan and Lim, Joo-Hwee},
  journal={IEEE Transactions on Cybernetics}, 
  title={Single-Image Dehazing via Compositional Adversarial Network}, 
  year={2021},
  volume={51},
  number={2},
  pages={829-838},
  doi={10.1109/TCYB.2019.2955092}}

@inproceedings{pre_ddpm,
  title={Deep unsupervised learning using nonequilibrium thermodynamics},
  author={Sohl-Dickstein, Jascha and Weiss, Eric and Maheswaranathan, Niru and Ganguli, Surya},
  booktitle={International conference on machine learning (ICML)},
  pages={2256--2265},
  year={2015},
  organization={PMLR}
}

@article{ddpm,
  title={Denoising diffusion probabilistic models},
  author={Ho, Jonathan and Jain, Ajay and Abbeel, Pieter},
  journal={Advances in neural information processing systems},
  volume={33},
  pages={6840--6851},
  year={2020}
}

@article{ddpm_beat_gan,
  title={Diffusion models beat gans on image synthesis},
  author={Dhariwal, Prafulla and Nichol, Alexander},
  journal={Advances in neural information processing systems},
  volume={34},
  pages={8780--8794},
  year={2021}
}

@inproceedings{latent,
  title={High-resolution image synthesis with latent diffusion models},
  author={Rombach, Robin and Blattmann, Andreas and Lorenz, Dominik and Esser, Patrick and Ommer, Bj{\"o}rn},
  booktitle={Proceedings of the IEEE/CVF conference on computer vision and pattern recognition (CVPR)},
  pages={10684--10695},
  year={2022}
}

@inproceedings{improved_ddpm,
  title={Improved denoising diffusion probabilistic models},
  author={Nichol, Alexander Quinn and Dhariwal, Prafulla},
  booktitle={International Conference on Machine Learning (ICML)},
  pages={8162--8171},
  year={2021},
  organization={PMLR}
}

@article{ddim,
  title={Denoising Diffusion Implicit Models},
  author={Song, Jiaming and Meng, Chenlin and Ermon, Stefano},
  journal={arXiv:2010.02502},
  year={2020},
  month={October},
  abbr={Preprint},
  url={https://arxiv.org/abs/2010.02502}
}

@article{weather,
  author={Özdenizci, Ozan and Legenstein, Robert},
  journal={IEEE Transactions on Pattern Analysis and Machine Intelligence}, 
  title={Restoring Vision in Adverse Weather Conditions With Patch-Based Denoising Diffusion Models}, 
  year={2023},
  volume={45},
  number={8},
  pages={10346-10357},
  keywords={Image restoration;Meteorology;Task analysis;Noise reduction;Computational modeling;Rain;Data models;Denoising diffusion models;deraining;desnowing;dehazing;patch-based image restoration;raindrop removal},
  doi={10.1109/TPAMI.2023.3238179}}
}

@INPROCEEDINGS{sonar1,
  author={Guerneve, Thomas and Petillot, Yvan},
  booktitle={Proceddings of the OCEANS 2015 Genova Conference}, 
  title={Underwater 3D reconstruction using BlueView imaging sonar}, 
  year={2015},
  volume={},
  number={},
  pages={1-7},
  keywords={Three-dimensional displays;Imaging;Sonar navigation;Sonar measurements;Solid modeling;Image resolution},
  doi={10.1109/OCEANS-Genova.2015.7271575}}

@INPROCEEDINGS{sonar2,
  author={Teixeira, Pedro V. and Fourie, Dehann and Kaess, Michael and Leonard, John J.},
  booktitle={2019 IEEE/RSJ International Conference on Intelligent Robots and Systems (IROS)}, 
  title={Dense, Sonar-based Reconstruction of Underwater Scenes}, 
  year={2019},
  volume={},
  number={},
  pages={8060-8066},
  keywords={},
  doi={10.1109/IROS40897.2019.8968071}}

@inproceedings{vision_recon,
  title={Simultaneous 3D reconstruction for water surface and underwater scene},
  author={Qian, Yiming and Zheng, Yinqiang and Gong, Minglun and Yang, Yee-Hong},
  booktitle={Proceedings of the European Conference on Computer Vision (ECCV)},
  pages={754--770},
  year={2018}
}

@inproceedings{sfm2,
  title={Structure-from-motion revisited},
  author={Schonberger, Johannes L and Frahm, Jan-Michael},
  booktitle={Proceedings of the IEEE conference on computer vision and pattern recognition (CVPR)},
  pages={4104--4113},
  year={2016}
}

@inproceedings{sfm1,
  title={From structure-from-motion point clouds to fast location recognition},
  author={Irschara, Arnold and Zach, Christopher and Frahm, Jan-Michael and Bischof, Horst},
  booktitle={2009 IEEE Conference on Computer Vision and Pattern Recognition (CVPR)},
  pages={2599--2606},
  year={2009},
  organization={IEEE}
}

@article{mvs,
  title={Multi-view stereo: A tutorial},
  author={Furukawa, Yasutaka and Hern{\'a}ndez, Carlos and others},
  journal={Foundations and Trends{\textregistered} in Computer Graphics and Vision},
  volume={9},
  number={1-2},
  pages={1--148},
  year={2015},
  publisher={Now Publishers, Inc.}
}

@article{sift,
  title={Distinctive image features from scale-invariant keypoints},
  author={Lowe, David G},
  journal={International journal of computer vision},
  volume={60},
  pages={91--110},
  year={2004},
  publisher={Springer}
}

@inproceedings{orb,
  title={ORB: An efficient alternative to SIFT or SURF},
  author={Rublee, Ethan and Rabaud, Vincent and Konolige, Kurt and Bradski, Gary},
  booktitle={2011 International conference on computer vision (ICCV)},
  pages={2564--2571},
  year={2011},
  organization={Ieee}
}

@inproceedings{lightglue,
  title={Lightglue: Local feature matching at light speed},
  author={Lindenberger, Philipp and Sarlin, Paul-Edouard and Pollefeys, Marc},
  booktitle={Proceedings of the IEEE/CVF International Conference on Computer Vision (ICCV)},
  pages={17627--17638},
  year={2023}
}

@article{enhancing-mvs,
  title={Enhancing 3D reconstruction of textureless indoor scenes with IndoReal multi-view stereo (MVS)},
  author={Wang, Tao and Gan, Vincent JL},
  journal={Automation in Construction},
  volume={166},
  pages={105600},
  year={2024},
  publisher={Elsevier}
}

@inbook{nerf,  title={NeRF: Representing Scenes as Neural Radiance Fields for View Synthesis},  url={http://dx.doi.org/10.1007/978-3-030-58452-8_24},  DOI={10.1007/978-3-030-58452-8_24},  booktitle={Proceedings of the European Conference on Computer Vision (ECCV)},  author={Mildenhall, Ben and Srinivasan, Pratul P. and Tancik, Matthew and Barron, Jonathan T. and Ramamoorthi, Ravi and Ng, Ren},  year={2020},  month={Jan},  pages={405–421},  language={en-US}  }

@inproceedings{Mip_nerf360,   title={Mip-NeRF 360: Unbounded Anti-Aliased Neural Radiance Fields},  url={http://dx.doi.org/10.1109/cvpr52688.2022.00539},  DOI={10.1109/cvpr52688.2022.00539},  booktitle={Proceedings of the IEEE/CVF Conference on Computer Vision and Pattern Recognition (CVPR)},  author={Barron, Jonathan T. and Mildenhall, Ben and Verbin, Dor and Srinivasan, Pratul P. and Hedman, Peter},  year={2022},  month={Jun},  language={en-US}  }

@article{volume_render,
  title={Volume rendering},
  author={Drebin, Robert A and Carpenter, Loren and Hanrahan, Pat},
  journal={ACM Siggraph Computer Graphics},
  volume={22},
  number={4},
  pages={65--74},
  year={1988},
  publisher={ACM New York, NY, USA}
}

@InProceedings{hex_plane,
  author    = {Cao, Ang and Johnson, Justin},
  title     = {HexPlane: A Fast Representation for Dynamic Scenes},
  booktitle = {Proceedings of the IEEE/CVF Conference on Computer Vision and Pattern Recognition (CVPR)},
  month     = {June},
  year      = {2023},
  pages     = {130-141}
}

@inproceedings{tineuvox,
  title={Fast dynamic radiance fields with time-aware neural voxels},
  author={Fang, Jiemin and Yi, Taoran and Wang, Xinggang and Xie, Lingxi and Zhang, Xiaopeng and Liu, Wenyu and Nie{\ss}ner, Matthias and Tian, Qi},
  booktitle={SIGGRAPH Asia 2022 Conference Papers},
  pages={1--9},
  year={2022}
}

@inproceedings{plenoxels,
  title={Plenoxels: Radiance fields without neural networks},
  author={Fridovich-Keil, Sara and Yu, Alex and Tancik, Matthew and Chen, Qinhong and Recht, Benjamin and Kanazawa, Angjoo},
  booktitle={Proceedings of the IEEE/CVF Conference on Computer Vision and Pattern Recognition (CVPR)},
  pages={5501--5510},
  year={2022}
}

@inproceedings{k-planes,
  title={K-planes: Explicit radiance fields in space, time, and appearance},
  author={Fridovich-Keil, Sara and Meanti, Giacomo and Warburg, Frederik Rahb{\ae}k and Recht, Benjamin and Kanazawa, Angjoo},
  booktitle={Proceedings of the IEEE/CVF Conference on Computer Vision and Pattern Recognition (CVPR)},
  pages={12479--12488},
  year={2023}
}

@article{instant_nerf,
  title={Instant neural graphics primitives with a multiresolution hash encoding},
  author={M{\"u}ller, Thomas and Evans, Alex and Schied, Christoph and Keller, Alexander},
  journal={ACM transactions on graphics (TOG)},
  volume={41},
  number={4},
  pages={1--15},
  year={2022},
  publisher={ACM New York, NY, USA}
}

@inproceedings{tensor4d,
  title={Tensor4d: Efficient neural 4d decomposition for high-fidelity dynamic reconstruction and rendering},
  author={Shao, Ruizhi and Zheng, Zerong and Tu, Hanzhang and Liu, Boning and Zhang, Hongwen and Liu, Yebin},
  booktitle={Proceedings of the IEEE/CVF Conference on Computer Vision and Pattern Recognition (CVPR)},
  pages={16632--16642},
  year={2023}
}

@inproceedings{direct_voxel,
  title={Direct voxel grid optimization: Super-fast convergence for radiance fields reconstruction},
  author={Sun, Cheng and Sun, Min and Chen, Hwann-Tzong},
  booktitle={Proceedings of the IEEE/CVF Conference on Computer Vision and Pattern Recognition (CVPR)},
  pages={5459--5469},
  year={2022}
}

@article{3DGS,   
  author       = {Kerbl, Bernhard and Kopanas, Georgios and Leimk{\"u}hler, Thomas and Drettakis, George},
  title        = {3D Gaussian Splatting for Real-Time Radiance Field Rendering},
  journal      = {ACM Transactions on Graphics (TOG)},
  number       = {4},
  volume       = {42},
  month        = {July},
  year         = {2023},
  url          = {https://repo-sam.inria.fr/fungraph/3d-gaussian-splatting/} }

@article{dynamic_3DGS1,
  author={Luiten, Jonathon and Kopanas, Georgios and Leibe, Bastian and Ramanan, Deva},
  booktitle={2024 International Conference on 3D Vision (3DV)}, 
  title={Dynamic 3D Gaussians: Tracking by Persistent Dynamic View Synthesis}, 
  year={2024},
  volume={},
  number={},
  pages={800-809},
  doi={10.1109/3DV62453.2024.00044}}
}

@article{dynamic_3DGS2,
  title={Real-time Photorealistic Dynamic Scene Representation and Rendering with 4D Gaussian Splatting},
  author={Yang, Zeyu and Yang, Hongye and Pan, Zijie and Zhang, Li},
  booktitle = {International Conference on Learning Representations (ICLR)},
  year={2024}
}

@article{dynamic_3DGS_efficient,
  title={A Compact Dynamic 3D Gaussian Representation for Real-Time Dynamic View Synthesis},
  author={Katsumata, Kai and Vo, Duc Minh and Nakayama, Hideki},
  booktitle={Proceedings of the European Conference on Computer Vision (ECCV)},
  year={2024},
}

@article{4DGS,
    author    = {Wu, Guanjun and Yi, Taoran and Fang, Jiemin and Xie, Lingxi and Zhang, Xiaopeng and Wei, Wei and Liu, Wenyu and Tian, Qi and Wang, Xinggang},
    title     = {4D Gaussian Splatting for Real-Time Dynamic Scene Rendering},
    booktitle = {Proceedings of the IEEE/CVF Conference on Computer Vision and Pattern Recognition (CVPR)},
    month     = {June},
    year      = {2024},
    pages     = {20310-20320}
}

@article{flow_2024motion,
  title={Motion-aware 3D Gaussian Splatting for Efficient Dynamic Scene Reconstruction},
  author={Guo, Zhiyang and Zhou, Wengang and Li, Li and Wang, Min and Li, Houqiang},
  journal={arXiv preprint arXiv:2403.11447},
  year={2024}
}

@article{mlp,   title={Multilayer feedforward networks are universal approximators},  url={http://dx.doi.org/10.1016/0893-6080(89)90020-8},  DOI={10.1016/0893-6080(89)90020-8},  journal={Neural Networks},  author={Hornik, Kurt and Stinchcombe, Maxwell and White, Halbert},  year={1989},  month={Jan},  pages={359–366},  language={en-US}  }

@article{differential_splatting,   title={Differentiable surface splatting for point-based geometry processing},  url={http://dx.doi.org/10.1145/3355089.3356513},  DOI={10.1145/3355089.3356513},  journal={ACM Transactions on Graphics},  author={Yifan, Wang and Serena, Felice and Wu, Shihao and Öztireli, Cengiz and Sorkine-Hornung, Olga},  year={2019},  month={Dec},  pages={1–14},  language={en-US}  }

@inproceedings{projective,   
title={Surface splatting},  
url={http://dx.doi.org/10.1145/383259.383300},  
DOI={10.1145/383259.383300},  
booktitle={Proceedings of the 28th annual conference on Computer graphics and interactive techniques (SIGGRAPH)},  
author={Zwicker, Matthias and Pfister, Hanspeter and van Baar, Jeroen and Gross, Markus},  
year={2001},  month={Aug},  language={en-US}  }

@article{kan,
  title={Kan: Kolmogorov-arnold networks},
  author={Liu, Ziming and Wang, Yixuan and Vaidya, Sachin and Ruehle, Fabian and Halverson, James and Solja{\v{c}}i{\'c}, Marin and Hou, Thomas Y and Tegmark, Max},
  journal={arXiv preprint arXiv:2404.19756},
  year={2024}
}

@article{universal_approximation,   title={Approximation by superpositions of a sigmoidal function},  url={http://dx.doi.org/10.1007/bf02551274},  DOI={10.1007/bf02551274},  journal={Mathematics of Control, Signals, and Systems},  author={Cybenko, G.},  year={1989},  month={Dec},  pages={303–314},  language={en-US}  }

@inbook{kan_theorem,   title={On the Representation of Continuous Functions of Several Variables as Superpositions of Continuous Functions of a Smaller Number of Variables},  url={http://dx.doi.org/10.1007/978-94-011-3030-1_55},  DOI={10.1007/978-94-011-3030-1_55},  booktitle={Selected Works of A. N. Kolmogorov},  author={Tikhomirov, V. M.},  year={1991},  month={Jan},  pages={378–382},  language={en-US}  }

@inproceedings{cDDPM,
  title={Ilvr: Conditioning method for denoising diffusion probabilistic models. In 2021 IEEE},
  author={Choi, Jooyoung and Kim, Sungwon and Jeong, Yonghyun and Gwon, Youngjune and Yoon, Sungroh},
  booktitle={CVF international conference on computer vision (ICCV)},
  pages={14347--14356},
  year={2021}
}

@article{rst_DDPM,
  title={Denoising diffusion restoration models},
  author={Kawar, Bahjat and Elad, Michael and Ermon, Stefano and Song, Jiaming},
  journal={Advances in Neural Information Processing Systems},
  volume={35},
  pages={23593--23606},
  year={2022}
}

@article{unet,
  title={U-net: Convolutional networks for biomedical image segmentation},
  author={Ronneberger, Olaf and Fischer, Philipp and Brox, Thomas},
  booktitle={Medical image computing and computer-assisted intervention (MICCAI)},
  pages={234--241},
  year={2015},
  organization={Springer}
}

@article{2017attention,
  title={Attention is all you need},
  author={Vaswani, Ashish and Shazeer, Noam and Parmar, Niki and Uszkoreit, Jakob and Jones, Llion and Gomez, Aidan N and Kaiser, {\L}ukasz and Polosukhin, Illia},
  journal={Advances in neural information processing systems},
  volume={30},
  year={2017}
}

@article{uieb,
  title={An underwater image enhancement benchmark dataset and beyond},
  author={Li, Chongyi and Guo, Chunle and Ren, Wenqi and Cong, Runmin and Hou, Junhui and Kwong, Sam and Tao, Dacheng},
  journal={IEEE Transactions on Image Processing},
  volume={29},
  pages={4376--4389},
  year={2019},
  publisher={IEEE}
}

@misc{kingma2017adam,
      title={Adam: A Method for Stochastic Optimization}, 
      author={Diederik P. Kingma and Jimmy Ba},
      year={2017},
      eprint={1412.6980},
      archivePrefix={arXiv},
      primaryClass={cs.LG}
}

@article{ssim,
  title={Image quality assessment: from error visibility to structural similarity},
  author={Wang, Zhou and Bovik, Alan C and Sheikh, Hamid R and Simoncelli, Eero P},
  journal={IEEE transactions on image processing},
  volume={13},
  number={4},
  pages={600--612},
  year={2004},
  publisher={IEEE}
}

@article{uiqm,
  title={Human-visual-system-inspired underwater image quality measures},
  author={Panetta, Karen and Gao, Chen and Agaian, Sos},
  journal={IEEE Journal of Oceanic Engineering},
  volume={41},
  number={3},
  pages={541--551},
  year={2015},
  publisher={IEEE}
}

@article{u-shape,
  title={U-shape transformer for underwater image enhancement},
  author={Peng, Lintao and Zhu, Chunli and Bian, Liheng},
  journal={IEEE Transactions on Image Processing},
  year={2023},
  publisher={IEEE}
}

@inproceedings{stsc,
  title={Semantic-aware Texture-Structure Feature Collaboration for Underwater Image Enhancement},
  author={Wang, Di and Ma, Long and Liu, Risheng and Fan, Xin},
  booktitle={2022 International Conference on Robotics and Automation (ICRA)},
  pages={4592--4598},
  year={2022},
  organization={IEEE}
}

@article{RUIE,   title={Real-world Underwater Enhancement: Challenging, Benchmark and Efficient Solutions.},  journal={Cornell University - arXiv,Cornell University - arXiv},  author={Liu, Risheng and Hou, Minjun and Fan, Xin and Luo, Zhongxuan},  year={2019},  month={Jan},  language={en-US}  }

@article{ucolor,
  title={Underwater image enhancement via medium transmission-guided multi-color space embedding},
  author={Li, Chongyi and Anwar, Saeed and Hou, Junhui and Cong, Runmin and Guo, Chunle and Ren, Wenqi},
  journal={IEEE Transactions on Image Processing},
  volume={30},
  pages={4985--5000},
  year={2021},
  publisher={IEEE}
}

@ARTICLE{GDCP,
  author={Peng, Yan-Tsung and Cao, Keming and Cosman, Pamela C.},
  journal={IEEE Transactions on Image Processing}, 
  title={Generalization of the Dark Channel Prior for Single Image Restoration}, 
  year={2018},
  volume={27},
  number={6},
  pages={2856-2868},
  keywords={Image color analysis;Image restoration;Estimation;Lighting;Channel estimation;Absorption;Cameras;Haze removal;sandstorm;underwater;image restoration;transmission estimation;ambient light estimation},
  doi={10.1109/TIP.2018.2813092}}

@inproceedings{sod,
  title={Deeply supervised salient object detection with short connections},
  author={Hou, Qibin and Cheng, Ming-Ming and Hu, Xiaowei and Borji, Ali and Tu, Zhuowen and Torr, Philip HS},
  booktitle={Proceedings of the IEEE conference on computer vision and pattern recognition (CVPR)},
  pages={3203--3212},
  year={2017}
}

@inproceedings{dnerf,
  title={D-nerf: Neural radiance fields for dynamic scenes},
  author={Pumarola, Albert and Corona, Enric and Pons-Moll, Gerard and Moreno-Noguer, Francesc},
  booktitle={Proceedings of the IEEE/CVF Conference on Computer Vision and Pattern Recognition (CVPR)},
  pages={10318--10327},
  year={2021}
}

@article{pytorch,
  title={Pytorch: An imperative style, high-performance deep learning library},
  author={Paszke, Adam and Gross, Sam and Massa, Francisco and Lerer, Adam and Bradbury, James and Chanan, Gregory and Killeen, Trevor and Lin, Zeming and Gimelshein, Natalia and Antiga, Luca and others},
  journal={Advances in neural information processing systems},
  volume={32},
  year={2019}
}

@inproceedings{lpips,
  title={The unreasonable effectiveness of deep features as a perceptual metric},
  author={Zhang, Richard and Isola, Phillip and Efros, Alexei A and Shechtman, Eli and Wang, Oliver},
  booktitle={Proceedings of the IEEE conference on computer vision and pattern recognition (CVPR)},
  pages={586--595},
  year={2018}
}

@inproceedings{guo2023forwardflowfornvs,
  title={Forward Flow for Novel View Synthesis of Dynamic Scenes},
  author={Guo, Xiang and Sun, Jiadai and Dai, Yuchao and Chen, Guanying and Ye, Xiaoqing and Tan, Xiao and Ding, Errui and Zhang, Yumeng and Wang, Jingdong},
  booktitle={Proceedings of the IEEE/CVF International Conference on Computer Vision (ICCV)},
  pages={16022--16033},
  year={2023}
}

@InProceedings{resnet,
author = {He, Kaiming and Zhang, Xiangyu and Ren, Shaoqing and Sun, Jian},
title = {Deep Residual Learning for Image Recognition},
booktitle = {Proceedings of the IEEE Conference on Computer Vision and Pattern Recognition (CVPR)},
month = {June},
year = {2016}
}

@inproceedings{seathru,
  title={SeaThru-NeRF: Neural Radiance Fields in Scattering Media},
  author={Levy, Deborah and Peleg, Amit and Pearl, Naama and Rosenbaum, Dan and Akkaynak, Derya and Korman, Simon and Treibitz, Tali},
  booktitle={Proceedings of the IEEE/CVF Conference on Computer Vision and Pattern Recognition (CVPR)},
  pages={56--65},
  year={2023}
}

@article{robochatgest,
  title={{Understanding human motion and gestures for underwater human-robot collaboration}},
  author={Islam, Md Jahidul and Ho, Marc and Sattar, Junaed},
  journal={{Journal of Field Robotics (JFR)}},
  pages = {1--23},
  year={2018},
  publisher={Wiley Online Library}
}

@ARTICLE{otsu,
  author={Otsu, Nobuyuki},
  journal={IEEE Transactions on Systems, Man, and Cybernetics}, 
  title={A Threshold Selection Method from Gray-Level Histograms}, 
  year={1979},
  volume={9},
  number={1},
  pages={62-66},
  keywords={Histograms;Marine vehicles;Radar tracking;Least squares approximation;Surveillance;Target tracking;Gaussian distribution;Displays;Q measurement;Sea measurements},
  doi={10.1109/TSMC.1979.4310076}
}

@article{gn,
  title={Group Normalization}, 
  author={Yuxin Wu and Kaiming He},
  year={2018},
  eprint={1803.08494},
  archivePrefix={arXiv},
  primaryClass={cs.CV},
  url={https://arxiv.org/abs/1803.08494}, 
}

@article{dropout,
  author  = {Nitish Srivastava and Geoffrey Hinton and Alex Krizhevsky and Ilya Sutskever and Ruslan Salakhutdinov},
  title   = {Dropout: A Simple Way to Prevent Neural Networks from Overfitting},
  journal = {Journal of Machine Learning Research},
  year    = {2014},
  volume  = {15},
  number  = {56},
  pages   = {1929--1958},
  url     = {http://jmlr.org/papers/v15/srivastava14a.html}
}

@article{relu,
  title={Deep learning using rectified linear units (relu)},
  author={Agarap, Abien Fred},
  journal={arXiv preprint arXiv:1803.08375},
  year={2018}
}

@ARTICLE{underwater_perception,
  author={Xia, Haisheng and Liao, Fei and Bao, Binglei and Chen, Jintao and Wang, Binglu and Huang, Qinghua and Li, Zhijun},
  journal={IEEE Transactions on Cybernetics}, 
  title={Perspective on Wearable Systems for Human Underwater Perceptual Enhancement}, 
  year={2025},
  volume={55},
  number={2},
  pages={698-711},
  keywords={Biomedical monitoring;Sensors;Visualization;Wearable devices;Underwater navigation;Sonar;Global Positioning System;Technological innovation;Sonar navigation;Sensor systems;Feedback;localization and mapping;sensor fusion;underwater perception;virtual reality},
  doi={10.1109/TCYB.2024.3504840}
}

@ARTICLE{patch_based_ddpm,
  author={Xia, Haisheng and Bao, Binglei and Liao, Fei and Chen, Jintao and Wang, Binglu and Li, Zhijun},
  journal={IEEE Transactions on Cybernetics}, 
  title={A Patch-Based Method for Underwater Image Enhancement With Denoising Diffusion Models}, 
  year={2025},
  volume={55},
  number={1},
  pages={269-281},
  keywords={Image restoration;Diffusion models;Noise;Noise reduction;Image resolution;Training;Spatial resolution;Knowledge based systems;Image enhancement;Atmospheric modeling;Deep learning;denoising diffusion models;patch-based method;underwater image enhancement (UIE)},
  doi={10.1109/TCYB.2024.3482174}
}




